@article{allen2019can,
  title   = {Can sgd learn recurrent neural networks with provable generalization?},
  author  = {Allen-Zhu, Zeyuan and Li, Yuanzhi},
  journal = {Advances in Neural Information Processing Systems},
  volume  = {32},
  year    = {2019}
}

@article{barabasi2004network,
  title     = {Network biology: understanding the cell's functional organization},
  author    = {Barabasi, Albert-Laszlo and Oltvai, Zoltan N},
  journal   = {Nature reviews genetics},
  volume    = {5},
  number    = {2},
  pages     = {101--113},
  year      = {2004},
  publisher = {Nature Publishing Group UK London}
}

@book{bishop2006pattern,
  title     = {Pattern recognition and machine learning},
  author    = {Bishop, Christopher M and Nasrabadi, Nasser M},
  volume    = {4},
  year      = {2006},
  publisher = {Springer}
}

@article{brody2021attentive,
  title   = {How attentive are graph attention networks?},
  author  = {Brody, Shaked and Alon, Uri and Yahav, Eran},
  journal = {arXiv preprint arXiv:2105.14491},
  year    = {2021}
}

@article{chen2019generalization,
  title   = {On generalization bounds of a family of recurrent neural networks},
  author  = {Chen, Minshuo and Li, Xingguo and Zhao, Tuo},
  journal = {arXiv preprint arXiv:1910.12947},
  year    = {2019}
}

@article{duchi2011adaptive,
  title   = {Adaptive subgradient methods for online learning and stochastic optimization.},
  author  = {Duchi, John and Hazan, Elad and Singer, Yoram},
  journal = {Journal of machine learning research},
  volume  = {12},
  number  = {7},
  year    = {2011}
}

@book{easley2010networks,
  title     = {Networks, crowds, and markets: Reasoning about a highly connected world},
  author    = {Easley, David and Kleinberg, Jon and others},
  volume    = {1},
  year      = {2010},
  publisher = {Cambridge university press Cambridge}
}

@inproceedings{fey2019fast,
  title     = {Fast Graph Representation Learning with {PyTorch Geometric}},
  author    = {Fey, Matthias and Lenssen, Jan E.},
  booktitle = {ICLR Workshop on Representation Learning on Graphs and Manifolds},
  year      = {2019}
}

@article{frazier2018tutorial,
  title   = {A tutorial on Bayesian optimization},
  author  = {Frazier, Peter I},
  journal = {arXiv preprint arXiv:1807.02811},
  year    = {2018}
}

@inproceedings{garg2020generalization,
  title        = {Generalization and representational limits of graph neural networks},
  author       = {Garg, Vikas and Jegelka, Stefanie and Jaakkola, Tommi},
  booktitle    = {International Conference on Machine Learning},
  pages        = {3419--3430},
  year         = {2020},
  organization = {PMLR}
}

@incollection{gera2018annotated,
  title     = {An annotated glossary of graph theory parameters, with conjectures},
  author    = {Gera, Ralucca and Haynes, Teresa W and Hedetniemi, Stephen T and Henning, Michael A},
  booktitle = {Graph Theory: Favorite Conjectures and Open Problems-2},
  pages     = {177--281},
  year      = {2018},
  publisher = {Springer}
}

@inproceedings{gilmer2017neural,
  title        = {Neural message passing for quantum chemistry},
  author       = {Gilmer, Justin and Schoenholz, Samuel S and Riley, Patrick F and Vinyals, Oriol and Dahl, George E},
  booktitle    = {International conference on machine learning},
  pages        = {1263--1272},
  year         = {2017},
  organization = {PMLR}
}

@inproceedings{golowich2018size,
  title        = {Size-independent sample complexity of neural networks},
  author       = {Golowich, Noah and Rakhlin, Alexander and Shamir, Ohad},
  booktitle    = {Conference On Learning Theory},
  pages        = {297--299},
  year         = {2018},
  organization = {PMLR}
}

@misc{goodfellow2016deep,
  title     = {Deep learning},
  author    = {Goodfellow, Ian and Bengio, Yoshua and Courville, Aaron},
  year      = {2016},
  publisher = {MIT press}
}

@inproceedings{gori2005new,
  title        = {A new model for learning in graph domains},
  author       = {Gori, Marco and Monfardini, Gabriele and Scarselli, Franco},
  booktitle    = {Proceedings. 2005 IEEE international joint conference on neural networks, 2005.},
  volume       = {2},
  pages        = {729--734},
  year         = {2005},
  organization = {IEEE}
}

@article{graves2013generating,
  title   = {Generating sequences with recurrent neural networks},
  author  = {Graves, Alex},
  journal = {arXiv preprint arXiv:1308.0850},
  year    = {2013}
}

@techreport{hagberg2008exploring,
  title       = {Exploring network structure, dynamics, and function using NetworkX},
  author      = {Hagberg, Aric and Swart, Pieter J and Schult, Daniel A},
  year        = {2008},
  institution = {Los Alamos National Laboratory (LANL), Los Alamos, NM (United States)}
}

@article{hamilton2017inductive,
  title   = {Inductive representation learning on large graphs},
  author  = {Hamilton, Will and Ying, Zhitao and Leskovec, Jure},
  journal = {Advances in neural information processing systems},
  volume  = {30},
  year    = {2017}
}

@article{kingma2014adam,
  title   = {Adam: A method for stochastic optimization},
  author  = {Kingma, Diederik P},
  journal = {arXiv preprint arXiv:1412.6980},
  year    = {2014}
}

@article{kipf2016semi,
  title   = {Semi-supervised classification with graph convolutional networks},
  author  = {Kipf, Thomas N and Welling, Max},
  journal = {arXiv preprint arXiv:1609.02907},
  year    = {2016}
}

@article{morris2020tudataset,
  title   = {TUDataset: A collection of benchmark datasets for learning with graphs},
  author  = {Morris, Christopher and Kriege, Nils M and Bause, Franka and Kersting, Kristian and Mutzel, Petra and Neumann, Marion},
  journal = {arXiv preprint arXiv:2007.08663},
  year    = {2020}
}

@misc{morris2024futuredirectionstheorygraph,
  title         = {Future Directions in the Theory of Graph Machine Learning},
  author        = {Christopher Morris and Fabrizio Frasca and Nadav Dym and Haggai Maron and İsmail İlkan Ceylan and Ron Levie and Derek Lim and Michael Bronstein and Martin Grohe and Stefanie Jegelka},
  year          = {2024},
  eprint        = {2402.02287},
  archiveprefix = {arXiv},
  primaryclass  = {cs.LG},
  url           = {https://arxiv.org/abs/2402.02287}
}

@article{morselli2021network,
  title     = {Network medicine framework for identifying drug-repurposing opportunities for COVID-19},
  author    = {Morselli Gysi, Deisy and Do Valle, {\'I}talo and Zitnik, Marinka and Ameli, Asher and Gan, Xiao and Varol, Onur and Ghiassian, Susan Dina and Patten, JJ and Davey, Robert A and Loscalzo, Joseph and others},
  journal   = {Proceedings of the National Academy of Sciences},
  volume    = {118},
  number    = {19},
  pages     = {e2025581118},
  year      = {2021},
  publisher = {National Acad Sciences}
}

@article{scarselli2008graph,
  title     = {The graph neural network model},
  author    = {Scarselli, Franco and Gori, Marco and Tsoi, Ah Chung and Hagenbuchner, Markus and Monfardini, Gabriele},
  journal   = {IEEE transactions on neural networks},
  volume    = {20},
  number    = {1},
  pages     = {61--80},
  year      = {2008},
  publisher = {IEEE}
}

@article{scarselli2018vapnik,
  title     = {The vapnik--chervonenkis dimension of graph and recursive neural networks},
  author    = {Scarselli, Franco and Tsoi, Ah Chung and Hagenbuchner, Markus},
  journal   = {Neural Networks},
  volume    = {108},
  pages     = {248--259},
  year      = {2018},
  publisher = {Elsevier}
}

@inproceedings{simonovsky2017dynamic,
  title     = {Dynamic edge-conditioned filters in convolutional neural networks on graphs},
  author    = {Simonovsky, Martin and Komodakis, Nikos},
  booktitle = {Proceedings of the IEEE conference on computer vision and pattern recognition},
  pages     = {3693--3702},
  year      = {2017}
}

@article{velickovic2020pointer,
  title   = {Pointer graph networks},
  author  = {Velickovic, Petar and Buesing, Lars and Overlan, Matthew C and Pascanu, Razvan and Vinyals, Oriol and Blundell, Charles},
  journal = {stat},
  volume  = {1050},
  pages   = {11},
  year    = {2020}
}

@article{velivckovic2023everything,
  title     = {Everything is connected: Graph neural networks},
  author    = {Veli{\v{c}}kovi{\'c}, Petar},
  journal   = {Current Opinion in Structural Biology},
  volume    = {79},
  pages     = {102538},
  year      = {2023},
  publisher = {Elsevier}
}

@article{weisfeiler1968reduction,
  title   = {The reduction of a graph to canonical form and the algebra which appears therein},
  author  = {Weisfeiler, Boris and Leman, Andrei},
  journal = {nti, Series},
  volume  = {2},
  number  = {9},
  pages   = {12--16},
  year    = {1968}
}

@inproceedings{wu2019simplifying,
  title        = {Simplifying graph convolutional networks},
  author       = {Wu, Felix and Souza, Amauri and Zhang, Tianyi and Fifty, Christopher and Yu, Tao and Weinberger, Kilian},
  booktitle    = {International conference on machine learning},
  pages        = {6861--6871},
  year         = {2019},
  organization = {PMLR}
}

@inproceedings{zhang2018stabilizing,
  title        = {Stabilizing gradients for deep neural networks via efficient svd parameterization},
  author       = {Zhang, Jiong and Lei, Qi and Dhillon, Inderjit},
  booktitle    = {International Conference on Machine Learning},
  pages        = {5806--5814},
  year         = {2018},
  organization = {PMLR}
}